@article{gm:1985,
    title = {Bid, ask and transaction prices in a specialist market with heterogeneously informed traders},
    author = {Lawrence R. Glosten and Paul R. Milgrom},
    journal = {Journal of Financial Economics},
    volume = {13},
    pages = {71--100},
    year = {1985}
}

@article{EasleyOHara:1987,
    title = {Liquidity, Information, and Infrequently Traded Stocks},
    author = {David Easley and Nicholas M. Kiefer and Maureen O'Hara and Joseph B. Paperman},
    journal = {The Journal of Finance},
    volume = {51},
    number = {4},
    pages = {1405--1436},
    year = {1996},
    publisher = {Wiley for the American Finance Association}
}

@article{info:2020,
    title = {Information thermodynamics of financial markets: the Glosten-Milgrom model},
    author = {Leo Touzo and Matteo Marsili and Don Zagier}
}

@book{gametheory:1994,
    author = {Martin J. Osborne and Ariel Rubinstein},
    year = {1994},
    title = {A Course in Game Theory},
    publisher = {MIT press},
}
